/Users/Om/Documents/thesis/AN-18-240/AN-18-240.bib